<?xml version="1.0" encoding="UTF-8"?>
<collection xmlns:xsi="http://www.w3.org/2001/XMLSchema-instance" xsi:schemaLocation="http://www.loc.gov/MARC21/slim http://www.loc.gov/standards/marcxml/schema/MARC21slim.xsd" xmlns="http://www.loc.gov/MARC21/slim">
<record>
  <leader>00923cam a2200253I  4500</leader>
  <controlfield tag="001">5367660</controlfield>
  <controlfield tag="003">NNC</controlfield>
  <controlfield tag="005">20090423121146.0</controlfield>
  <controlfield tag="008">830323s1967    iq ab         000 0 arar </controlfield>
  <datafield tag="010" ind1=" " ind2=" ">
    <subfield code="a">ne 67001999 </subfield>
  </datafield>
  <datafield tag="035" ind1=" " ind2=" ">
    <subfield code="a">(OCoLC)ocm09336407</subfield>
  </datafield>
  <datafield tag="035" ind1=" " ind2=" ">
    <subfield code="a">(NNC)5367660</subfield>
  </datafield>
  <datafield tag="040" ind1=" " ind2=" ">
    <subfield code="a">DLC</subfield>
    <subfield code="c">TKN</subfield>
    <subfield code="d">TKN</subfield>
    <subfield code="d">ZCU</subfield>
  </datafield>
  <datafield tag="050" ind1="0" ind2=" ">
    <subfield code="a">DS127</subfield>
    <subfield code="b">.H35</subfield>
  </datafield>
  <datafield tag="099" ind1=" " ind2=" ">
    <subfield code="a">956</subfield>
    <subfield code="a">Ir27 v.18</subfield>
  </datafield>
  <datafield tag="100" ind1="1" ind2=" ">
    <subfield code="a">Ḥassūn, Fayṣal.</subfield>
  </datafield>
  <datafield tag="245" ind1="1" ind2="0">
    <subfield code="a">Khasirnāhā Maʻrakah fal-Narbaḥuhā Ḥarban,</subfield>
    <subfield code="c">Biqalam Fayṣal Ḥassūn.</subfield>
  </datafield>
  <datafield tag="260" ind1=" " ind2=" ">
    <subfield code="a">Baghdād,</subfield>
    <subfield code="b">Dār al-Jumhūrīyah,</subfield>
    <subfield code="c">1967.</subfield>
  </datafield>
  <datafield tag="300" ind1=" " ind2=" ">
    <subfield code="a">84 p.</subfield>
    <subfield code="b">ill., fold. map</subfield>
    <subfield code="c">24 cm.</subfield>
  </datafield>
  <datafield tag="490" ind1="1" ind2=" ">
    <subfield code="a">Wizarat al-Thaqafah wa-al-Irshad. Mudiriyat al-thaqafah al-Ammah. Silsilat al-Kutub al-Hadithah ;</subfield>
    <subfield code="v">18</subfield>
  </datafield>
  <datafield tag="504" ind1=" " ind2=" ">
    <subfield code="a">Bibliographical footnotes.</subfield>
  </datafield>
  <datafield tag="650" ind1=" " ind2="0">
    <subfield code="a">Israel-Arab War, 1967.</subfield>
  </datafield>
  <datafield tag="830" ind1=" " ind2="0">
    <subfield code="a">Wizarat al-Thaqafah wa-al-Irshad. Mudiriyat al-thaqafah al-Ammah. Silsilat al-Kutub al-Hadithah ;</subfield>
    <subfield code="v">18.</subfield>
  </datafield>
  <datafield tag="955" ind1=" " ind2=" ">
    <subfield code="b">0026812428</subfield>
    <subfield code="d">glx</subfield>
    <subfield code="e">956 Ir27 v.18</subfield>
  </datafield>
</record>
</collection>